<?xml version="1.0" encoding="UTF-8"?><collection xmlns="http://www.loc.gov/MARC21/slim"><record><leader>00625nam--2200193-i-4500</leader><controlfield tag="001">000010495</controlfield><controlfield tag="002">20161230</controlfield><controlfield tag="005">20161230201028</controlfield><controlfield tag="008">060222s1000------------r-----000-0-rum-d</controlfield><datafield ind1=" " ind2=" " tag="041"><subfield code="a">IFIN-HH</subfield></datafield><datafield ind1=" " ind2=" " tag="080"><subfield code="a">029.75(075.8):53(075.8)</subfield></datafield><datafield ind1="1" ind2=" " tag="100"><subfield code="a">Barca-galateanu, D. /S.A</subfield></datafield><datafield ind1="1" ind2="0" tag="245"><subfield code="a">Fizica vol. ii. fizica atomului, solidului si nucleului atomic</subfield><subfield code="c">D. barca-galateanu, r. titeica, m. naumescu, r. septilici</subfield></datafield><datafield ind1=" " ind2=" " tag="250"><subfield code="a">Editia A Ii-a Revazuta Si Completata</subfield></datafield><datafield ind1=" " ind2=" " tag="260"><subfield code="a">Bucuresti</subfield><subfield code="b">Editura Didactica Si Pedagogica</subfield><subfield code="c">1971</subfield></datafield><datafield ind1=" " ind2=" " tag="300"><subfield code="a">488 P</subfield></datafield><datafield ind1="1" ind2=" " tag="700"><subfield code="a">Septilici, R</subfield></datafield><datafield ind1=" " ind2=" " tag="852"><subfield code="a">37906</subfield><subfield code="c">53</subfield></datafield><datafield ind1=" " ind2=" " tag="CAT"><subfield code="a">Sys</subfield><subfield code="c">20150316</subfield><subfield code="h">115706</subfield></datafield></record></collection>